@inproceedings{ganti2010greengps,
  title={GreenGPS: a participatory sensing fuel-efficient maps application},
  author={Ganti, Raghu K and Pham, Nam and Ahmadi, Hossein and Nangia, Saurabh and Abdelzaher, Tarek F},
  booktitle={Proceedings of the 8th international conference on Mobile systems, applications, and services},
  pages={151--164},
  year={2010},
  organization={ACM}
}

@phdthesis{koprubasi2008modeling,
  title={Modeling and control of a hybrid-electric vehicle for drivability and fuel economy improvements},
  author={Koprubasi, Kerem},
  journal={PhD Thesis},
  year={2008},
  school={The Ohio State University}
}


@inproceedings{alessandrini2012consumption,
  title={Consumption calculation of vehicles using OBD data},
  author={Alessandrini, Adriano and Filippi, Francesco and Ortenzi, Fernando}, 
  journal={20th International Emission Inventory Conference}, 
  year={2012}
}

@article{lee2011estimation,
  title={Estimation of Fuel Consumption using In-Vehicle Parameters.},
  author={Lee, Min Goo and Park, Yong Kuk and Jung, Kyung Kwon and Yoo, Jun Jae},
  journal={International Journal of U-\& E-Service, Science \& Technology},
  volume={4},
  number={4},
  year={2011}
}


@phdthesis{vasilev2012driver,
  title={Driver Efficiency Analyzer},
  author={Vasilev, Pavel},
  year={2012},
  school={Cornell University}
}

@article{air_fuel_ratio,
  journal={http://en.wikipedia.org/wiki/Air-fuel\_ratio},
  title={Air Fuel Ratio, Wikipedia}
}

@article{emergency_brake,
  journal={https://en.wikipedia.org/wiki/Advanced-emergency-braking-system},
  title={Advanced Emergency Braking System}
}

@article{2013_gallons,
  journal={http://www.americanfuels.net/2014/03/2013-gasoline-consumption.html},
  title={American Fuels}
}

@article{fuel-gauge,
  journal={http://auto.howstuffworks.com/fuel-gauge1.htm},
  title={Fuel Gauge},
  author={KARIM NICE},
  year={2014}
}


@inproceedings{koukoumidis2011signalguru,
  title={SignalGuru: leveraging mobile phones for collaborative traffic signal schedule advisory},
  author={Koukoumidis, Emmanouil and Peh, Li-Shiuan and Martonosi, Margaret Rose},
  booktitle={Proceedings of the 9th international conference on Mobile systems, applications, and services},
  pages={127--140},
  year={2011},
  organization={ACM}
}

@article{progressive,
  title={Linking driving behavior to automobile accidents and insurance rates},
  author={Progressive},
  journal={Report},
  year={2012}
}


@article{googledriverlesscar,
  journal={http://en.wikipedia.org/wiki/Google\_driverless\_car},
  author={Wikipedia},
  title={Driverless Car},
  year={2016}
}



@article{speedlimit,
  journal={http://en.wikipedia.org/wiki/Wikispeedia},
  title={Road speed limit database.},
  author={WikiPedia},
  year={2016}
}



@article{qnxos,
  journal={http://www.qnx.com/},
  title={QNX Operating System for Diverless Car},
  author={BlackBerry},
  year={2014}
}


@article{snapshot,
  journal={http://www.progressive.com/auto/snapshot/},
  author={Progressive},
  title={Snapshot Program},
  year={2012}
}


@article{apu,
journal={http://www.pcengines.ch/apu.htm}, 
title={APU Platform},
author={APU},
year={2016}
}



@article{pid,
  journal={http://en.wikipedia.org/wiki/OBD-II\_PIDs},
  author={WikePedia},
  title={OBD PIDs},
  year={2016}
}

@article{nationalelevation,
  journal={http://nationalmap.gov/elevation.html},
  title={National Elevation Databases},
  author={National Map},
  year={2016}
}



@article{vong2006prediction,
  title={Prediction of automotive engine power and torque using least squares support vector machines and Bayesian inference},
  author={Vong, Chi-Man and Wong, Pak-Kin and Li, Yi-Ping},
  journal={Engineering Applications of Artificial Intelligence},
  volume={19},
  year={2006},
  publisher={Elsevier}
}


@article{andersson2012online,
  title={Online Estimation of Rolling Resistance and Air Drag for Heavy Duty Vehicles},
  author={Andersson, Robin},
  year={2012}
}


@inproceedings{kumar2012carspeak,
  title={CarSpeak: a content-centric network for autonomous driving},
  author={Kumar, Swarun and Shi, Lixin and Ahmed, Nabeel and Gil, Stephanie and Katabi, Dina and Rus, Daniela},
  journal={Proceedings of the ACM SIGCOMM},
  year={2012}
}

@article{litman2013autonomous,
  title={Autonomous Vehicle Implementation Predictions},
  author={Litman, Todd},
  year={2013}
}


@article{urmson2008autonomous,
  title={Autonomous driving in urban environments: Boss and the urban challenge},
  author={Urmson, Chris and Anhalt, Joshua and Bagnell, Drew and Baker, Christopher and Bittner, Robert and Clark, MN and Dolan, John and Duggins, Dave and Galatali, Tugrul and Geyer, Chris and others},
  journal={Journal of Field Robotics},
  year={2008},
  publisher={Wiley Online Library}
}

@article{kim2013towards,
  title={Towards dependable autonomous driving vehicles: a system-level approach},
  author={Kim, Junsung and Rajkumar, Ragunathan Raj and Jochim, Markus},
  journal={ACM SIGBED Review},
  year={2013},
  publisher={ACM}
}

@article{morganstanley2013,
  title={Autonomous Cars: Self-Driving the New Auto Industry Paradigm},
  author={Morgan Stanley Research},
  year={2013}
}

@article{whitehouse2013,
  title={The President's Climate Action Plan},
  author={Executive Office of the President},
  year={2013}
}



@techreport{giannelli2005heavy,
  title={Heavy-duty diesel vehicle fuel consumption modeling based on road load and power train parameters},
  author={Giannelli, Robert A and Nam, EK and Helmer, Kent and Younglove, Theodore and Scora, George and Barth, M},
  year={2005},
  institution={SAE Technical Paper}
}



@article{wang2013sensing,
  title={Sensing Vehicle Dynamics for Determining Driver Phone Use},
  author={Wang, Yan and Yang, Jie and Liu, Hongbo and Chen, Yingying and Gruteser, Marco and Martin, Richard P},
  journal={ACM Mobisys},
  year={2013}
}





@inproceedings{Mohan2008Nericell,
 author = {Mohan, Prashanth and Padmanabhan, Venkata N. and Ramjee, Ramachandran},
 title = {Nericell: Rich Monitoring of Road and Traffic Conditions Using Mobile Smartphones},
 journal = {SenSys '08},
 year = {2008},
 publisher = {ACM},
}


@article{boriboonsomsin2010eco,
  title={Eco-driving: pilot evaluation of driving behavior changes among US drivers},
  author={Boriboonsomsin, Kanok and Vu, Alexander and Barth, Matthew},
  journal={University of California Transportation Center},
  year={2010}
}


@inproceedings{tulusan2012providing,
  title={Providing eco-driving feedback to corporate car drivers: what impact does a smartphone application have on their fuel efficiency?},
  author={Tulusan, Johannes and Staake, Thorsten and Fleisch, Elgar},
  booktitle={Proceedings of the 2012 ACM Conference on Ubiquitous Computing},
  pages={212--215},
  year={2012},
  organization={ACM}
}


@inproceedings{brusamarello2010dynamic,
  title={Dynamic torque measurement for automotive application},
  author={Brusamarello, Valner and Balbinot, Alexandre and Gertz, Luiz Carlos and C. A.},
  booktitle={Instrumentation and Measurement Technology Conference (I2MTC)},
  year={2010},
  organization={IEEE}
}


@inproceedings{canudas1999dynamic,
  title={Dynamic tire friction models for vehicle traction control},
  author={Canudas de Wit, C and Tsiotras, P},
  booktitle={Proceedings of the 38th IEEE Conference on Decision and Control},
  year={1999},
  organization={IEEE}
}


@inproceedings{zanasi2001dynamic,
  title={Dynamic modeling and control of a car transmission system},
  author={Zanasi, R and Visconti, A and Sandoni, G and Morselli, R},
  booktitle={2001 IEEE/ASME International Conference on Advanced Intelligent Mechatronics},
  year={2001},
  organization={IEEE}
}


@book{bengtsson2001adaptive,
  title={Adaptive cruise control and driver modeling},
  author={Bengtsson, Johan},
  year={2001},
  publisher={Department of Automatic Control, Lund Institute of Technology}
}



@article{lin2009effects,
  title={Effects of time-gap settings of adaptive cruise control (ACC) on driving performance and subjective acceptance in a bus driving simulator},
  author={Lin, Tsang-Wei and Hwang, Sheue-Ling and Green, Paul A},
  journal={Safety science},
  volume={47},
  number={5},
  pages={620--625},
  year={2009},
  publisher={Elsevier}
}


@incollection{loos2011adaptive,
  title={Adaptive cruise control: Hybrid, distributed, and now formally verified},
  author={Loos, Sarah M and Platzer, Andr{\'e} and Nistor, Ligia},
  booktitle={FM 2011: Formal Methods},
  pages={42--56},
  year={2011},
  publisher={Springer}
}


@article{ioannou1993autonomous,
  title={Autonomous intelligent cruise control},
  author={Ioannou, Petros A and Chien, Cheng-Chih},
  journal={IEEE Transactions on Vehicular Technology},
  year={1993},
  publisher={IEEE}
}



@article{cruise_control,
  journal={http://en.wikipedia.org/wiki/Cruise\_control},
  title={Cruise Control},
  author={WikiPedia},
  year={2016}
}


@techreport{lang2013opportunities,
  title={Opportunities on fuel economy utilizing v2v based drive systems},
  author={Lang, Dominik and Stanger, Thomas and del Re, Luigi},
  year={2013},
  institution={SAE Technical Paper}
}

@article{lang2014prediction,
  title={Prediction of Preceding Driver Behavior for Fuel Efficient Cooperative Adaptive Cruise Control},
  author={Lang, Dominik and Schmied, Roman and Del Re, Luigi},
  journal={SAE International Journal of Engines},
  volume={7},
  number={2014-01-0298},
  pages={14--20},
  year={2014}
}



@article{uber,
  title={https://newsroom.uber.com/curb-your-enthusiasm/},
  author={Uber Newsroom},
  journal={news},
  year={2016}
}

@article{cmtelematics,
title={http://www.cmtelematics.com/},
author={Cambridge Mobile Telematics},
}



@article{you2013carsafe,
  title={CarSafe App: Alerting Drowsy and Distracted Drivers using Dual Cameras on Smartphones},
  author={You, Chuang-Wen et al.},
  journal={ACM Mobisys},
  year={2013}
}


@inproceedings{johnson2011driving,
  title={Driving style recognition using a smartphone as a sensor platform},
  author={Johnson, Derick A and Trivedi, Mohan M},
  booktitle={ITSC},
  year={2011},
  organization={IEEE}
}



@inproceedings{dai2010mobile,
  title={Mobile phone based drunk driving detection},
  author={Dai, Jiangpeng and Teng, Jin and Bai, Xiaole and Shen, Zhaohui and Xuan, Dong},
  booktitle={PervasiveHealth},
  year={2010},
  organization={IEEE}
}




@article{lee2009engineering,
  title={Engineering. Can technology get your eyes back on the road?},
  author={Lee, John D},
  journal={Science},
  year={2009},
  publisher={American Association for the Advancement of Science}
}


@article{svenson1981we,
  title={Are we all less risky and more skillful than our fellow drivers?},
  author={Svenson, Ola},
  journal={Acta Psychologica},
  year={1981},
  publisher={Elsevier}
}


@article{mcgehee2007extending,
  title={Extending parental mentoring using an event-triggered video intervention in rural teen drivers},
  author={McGehee, Daniel V and Raby, Mireille and Carney, Cher and Lee, John D and Reyes, Michelle L},
  journal={Journal of Safety Research},
  year={2007},
  publisher={Elsevier}
}



@article{toledo2006vehicle,
  title={In-vehicle data recorder for evaluation of driving behavior and safety},
  author={Toledo, Tomer and Lotan, Tsippy},
  journal={Transportation Research Record: Journal of the Transportation Research Board},
  year={2006},
  publisher={Trans Res Board}
}




@inproceedings{eriksson2008pothole,
   author =       "Jakob Eriksson and Lewis Girod and Bret Hull and Ryan Newton and Samuel Madden and Hari Balakrishnan",
   title =        "{The Pothole Patrol: Using a Mobile Sensor Network for Road Surface Monitoring}",
   booktitle =    {MobiSys},
   year =         {2008}
}



@INPROCEEDINGS{Mednis2011Pothole, 
author={Mednis, A. and Strazdins, G. and Zviedris, R. and Kanonirs, G. and Selavo, L.}, 
booktitle={Distributed Computing in Sensor Systems and Workshops (DCOSS), 2011 International Conference on}, 
title={Real time pothole detection using Android smartphones with accelerometers}, 
year={2011}, 
pages={1-6}, 
}

@article{seriousaccidents,
  title={http://seriousaccidents.com/legal-advice/top-causes-of-car-accidents/},
  author={Law offices of Michael Pines, APC}
}

@article{carinsurance,
  title={http://www.telegraph.co.uk/finance/personalfinance
  /insurance/motorinsurance/9864369
  /Car-insurance-claims-soar-for-pothole-damage.html},
  author={Law offices of Michael Pines, APC}
}

@article{potholecost,
title={http://www.wilx.com/home/headlines/Drivers-Pay-More-for-Potholes-197119641.html}
}

@inbook{LuoSlope,
author = {Luo, Y. and Wang, L. and Gao, G. and Zhang, S.},
title = {Traffic Safety Evaluation in Long and Hill Slope Road Section Based on Principal Component Analysis and Hierarchical Cluster Analysis},
booktitle = {Logistics},
}


@article{OSHA2011accidents,
title={A review of accidents and injuries to road transport drivers},
author={European Agency for Safety and Health at Work (EU-OSHA)},
year={2011}, 
pages={12},
}

@inproceedings{ihs2004influence,
  title={The influence of road surface condition on traffic safety and ride comfort},
  author={Ihs, A},
  booktitle={6th International Conference on Managing Pavements: The Lessons, The Challenges, The Way Ahead},
  year={2004}
}

@article{obd,
  journal={http://en.wikipedia.org/wiki/On-board\_diagnostics}, 
  title={OBD},
  author={WikiPedia},
  year={2016}
}
@article{hansenspeed,
  title={SenSpeed: Sensing Driving Conditions to Estimate Vehicle Speed in Urban Environments},
  author={Han, H. and Yu, J. and Zhu, H. and Chen, Y. and Yang, J. and Zhu, Y. and Xue, G. and Li, M.}, 
  booktitle={Infocom},
  year={2014},
  organization={IEEE}
}


@inproceedings{zhou2014use,
  title={Use it free: Instantly knowing your phone attitude},
  author={Zhou, Pengfei and Li, Mo and Shen, Guobin},
  booktitle={Mobicom},
  year={2014},
  organization={ACM}
}


@inproceedings{chen2015invisible,
  title={Invisible Sensing of Vehicle Steering with Smartphones},
  author={Chen, Dongyao and Cho, Kyong-Tak and Han, Sihui and Jin, Zhizhuo and Shin, Kang G},
  booktitle={Mobisys},
  year={2015},
  organization={ACM}
}



@inproceedings{hong2014smartphone,
  title={A smartphone-based sensing platform to model aggressive driving behaviors},
  author={Hong, Jin-Hyuk and Margines, Ben and Dey, Anind K},
  booktitle={SIGCHI},
  year={2014},
  organization={ACM}
}

@inproceedings{shen2013walkie,
  title={Walkie-Markie: indoor pathway mapping made easy},
  author={Shen, Guobin and Chen, Zhuo and Zhang, Peichao and Moscibroda, Thomas and Zhang, Yongguang},
  booktitle={Proceedings of the 10th USENIX conference on Networked Systems Design and Implementation},
  pages={85--98},
  year={2013},
  organization={USENIX Association}
}


@article{sensor,
journal={http://developer.android.com/reference/android/hardware/SensorEvent.html},
title={Andriod Developer Sensor Event},
author={Android},
year={2016}
}

@article{androidsourcecode,
title={https://android.googlesource.com/platform/},
author={Android sensor sevice source code},
year={2016}
}


@article{yang2015low,
  title={Low-cost and Accurate 3D Road Modeling Using Mobile Phone},
  author={Yang, Zhice and Zhang, Qian},
  journal={IEEE Transactions on Mobile Computing},
  pages={1},
  year={2015}
}

@article{wang2015determining,
  title={Determining driver phone use by exploiting smartphone integrated sensors},
  author={Wang, Yan and Chen, Yingying and Yang, Jie and Gruteser, Marco and Martin, Richard and Liu, Hongbo and Liu, Luyang and Karatas, Cagdas},
  journal={IEEE Transactions on Mobile Computing}, 
}



@article{cmt,
  title={http://www.cmtelematics.com/}, 
  author={Cambridge Mobile Telematics},
}



@article{googleelevation,
  journal={https://developers.google.com/maps},
  title={Google Elevation API},
  year={2016},
  author={Google}
}

@inproceedings{roy2014smartphone,
  title={I am a smartphone and i can tell my user's walking direction},
  author={Roy, Nirupam and Wang, He and Roy Choudhury, Romit},
  booktitle={Proceedings of the 12th annual international conference on Mobile systems, applications, and services},
  pages={329--342},
  year={2014},
  organization={ACM}
}

@inproceedings{shu2015last,
  title={Last-Mile Navigation Using Smartphones},
  author={Shu, Yuanchao and Shin, Kang G and He, Tian and Chen, Jiming},
  booktitle={Proceedings of the 21st Annual International Conference on Mobile Computing and Networking},
  pages={512--524},
  year={2015},
  organization={ACM}
}

@inproceedings{li2012reliable,
  title={A reliable and accurate indoor localization method using phone inertial sensors},
  author={Li, Fan and Zhao, Chunshui and Ding, Guanzhong and Gong, Jian and Liu, Chenxing and Zhao, Feng},
  booktitle={Proceedings of the 2012 ACM Conference on Ubiquitous Computing},
  pages={421--430},
  year={2012},
  organization={ACM}
}

@inproceedings{rai2012zee,
  title={Zee: zero-effort crowdsourcing for indoor localization},
  author={Rai, Anshul and Chintalapudi, Krishna Kant and Padmanabhan, Venkata N and Sen, Rijurekha},
  booktitle={Proceedings of the 18th annual international conference on Mobile computing and networking},
  pages={293--304},
  year={2012},
  organization={ACM}
}

@inproceedings{wang2012no,
  title={No need to war-drive: unsupervised indoor localization},
  author={Wang, He and Sen, Souvik and Elgohary, Ahmed and Farid, Moustafa and Youssef, Moustafa and Choudhury, Romit Roy},
  booktitle={Proceedings of the 10th international conference on Mobile systems, applications, and services},
  pages={197--210},
  year={2012},
  organization={ACM}
}


@inproceedings{yang2011detecting,
  title={Detecting driver phone use leveraging car speakers},
  author={Yang, Jie and Sidhom, Simon and Chandrasekaran, Gayathri and Vu, Tam and Liu, Hongbo and Cecan, Nicolae and Chen, Yingying and Gruteser, Marco and Martin, Richard P},
  booktitle={Proceedings of the 17th annual international conference on Mobile computing and networking},
  pages={97--108},
  year={2011},
  organization={ACM}
}


@article{occupancybywifi2015jsac, 
  title={Occupancy Estimation Using Only WiFi Power Measurements},
  author={Depatla, S. and Muralidharan, A. and Mostofi, Y.},
  journal={IEEE Journal on Selected Areas in Communications},
  YEAR={2015},
  month={July},
}


@inproceedings{wang2014tracking,
  title={Tracking human queues using single-point signal monitoring},
  author={Wang, Yan and Yang, Jie and Chen, Yingying and Liu, Hongbo and Gruteser, Marco and Martin, Richard P},
  booktitle={Proceedings of the 12th annual international conference on Mobile systems, applications, and services},
  year={2014},
  organization={ACM}
}

@inproceedings{musa2012tracking,
  title={Tracking unmodified smartphones using wi-fi monitors},
  author={Musa, ABM and Eriksson, Jakob},
  booktitle={Proceedings of the 10th ACM conference on embedded network sensor systems},
  year={2012},
  organization={ACM}
}

@inproceedings{thiagarajan2009vtrack,
  title={VTrack: accurate, energy-aware road traffic delay estimation using mobile phones},
  author={Thiagarajan, Arvind and Ravindranath, Lenin and LaCurts, Katrina and Madden, Samuel and Balakrishnan, Hari and Toledo, Sivan and Eriksson, Jakob},
  booktitle={Proceedings of the 7th ACM Conference on Embedded Networked Sensor Systems},
 year={2009},
  organization={ACM}
}

@article{asgari2013survey,
  title={A survey on Human Mobility and its applications},
  author={Asgari, Fereshteh and Gauthier, Vincent and Becker, Monique},
  journal={arXiv preprint arXiv:1307.0814},
  year={2013}
}


@inproceedings{zhang2014exploring,
  title={Exploring human mobility with multi-source data at extremely large metropolitan scales},
  author={Zhang, Desheng and Huang, Jun and Li, Ye and Zhang, Fan and Xu, Chengzhong and He, Tian},
  booktitle={Proceedings of the 20th annual international conference on Mobile computing and networking},
  year={2014},
  organization={ACM}
}

@article{gonzalez2008understanding,
  title={Understanding individual human mobility patterns},
  author={Gonzalez, Marta C and Hidalgo, Cesar A and Barabasi, Albert-Laszlo},
  journal={Nature},
  year={2008},
  publisher={Nature Publishing Group}
}




@inproceedings{ganti2013inferring,
  title={Inferring human mobility patterns from taxicab location traces},
  author={Ganti, Raghu and Srivatsa, Mudhakar and Ranganathan, Anand and Han, Jiawei},
  booktitle={Proceedings of the 2013 ACM international joint conference on Pervasive and ubiquitous computing},
  year={2013},
  organization={ACM}
}


@inproceedings{isaacman2012human,
  title={Human mobility modeling at metropolitan scales},
  author={Isaacman, Sibren and Becker, Richard and C{\'a}ceres, Ram{\'o}n and Martonosi, Margaret and Rowland, James and Varshavsky, Alexander and Willinger, Walter},
  booktitle={Proceedings of the 10th international conference on Mobile systems, applications, and services},
  year={2012},
  organization={ACM}
}


@article{chen2012cost,
  title={A cost-effective people-counter for a crowd of moving people based on two-stage segmentation},
  author={Chen, Chao-Ho and Chen, Tsong-Yi and Wang, Da-Jinn and Chen, Tsang-Jie},
  journal={Journal of Information Hiding and Multimedia Signal Processing},
  year={2012}
}

@article{ntd,
  journal={http://www.ntdprogram.gov/},
  title={National Transit Database}
}


@article{apcinfra,
  title={Automatic Passenger Counting (APC): Infra-Red motion analyzer for
  accurate counts in stations and rail, light-rail and bus operations},
  author={Horst E. Gerland and Krt Sutter},
  journal={INIT GmbH Innovations in Transportation}
}


@article{apcindustry,
  journal={http://www.infodev.ca/vehicles/counting-passengers.html},
  title={InfoDev Automatic Passenger Counting.}
}


@inproceedings{mcnamara2008media,
  title={Media sharing based on colocation prediction in urban transport},
  author={McNamara, Liam and Mascolo, Cecilia and Capra, Licia},
  booktitle={Proceedings of the 14th ACM international conference on Mobile computing and networking},
  pages={58--69},
  year={2008},
  organization={ACM}
}



@article{ios8randommac,
  journal={http://blog.airtightnetworks.com/ios8-mac-randomization-analyzed/},
  title={IOS MAC randomization study},
  author={AirTight}
}



@inproceedings{hare2012beyond,
  title={Beyond deployments and testbeds: experiences with public usage on vehicular WiFi hotspots},
  author={Hare, Joshua and Hartung, Lance and Banerjee, Suman},
  booktitle={Proceedings of the 10th international conference on Mobile systems, applications, and services},
  year={2012},
  organization={ACM}
}


@article{chevy4g,
  journal={http://www.chevrolet.com/culture/article/4g-lte.html},
  title={Connected Car},
  author={Chevrolet},
  year={2015}
}


@inproceedings{kang2015ecodrive,
  title={EcoDrive: A Mobile Sensing and Control System for Fuel Efficient Driving},
  author={Kang, Lei and Qi, Bozhao and Janecek, Dan and Banerjee, Suman},
  booktitle={Proceedings of the 21st Annual International Conference on Mobile Computing and Networking},
  year={2015},
  organization={ACM}
}

@inproceedings{cheng2007automating,
  title={Automating cross-layer diagnosis of enterprise wireless networks},
  author={Cheng, Yu-chung and Afanasyev, Mikhail and Verkaik, Patrick and Benk{\"o}, P{\'e}ter and Chiang, Jennifer and Snoeren, Alex C and Savage, Stefan and Voelker, Geoffrey M},
  booktitle={In Proc. of ACM SIGCOMM},
  year={2007}
}



@inproceedings{kostakos2010wireless,
  title={Wireless detection of end-to-end passenger trips on public transport buses},
  author={Kostakos, Vassilis and Camacho, Tiago and Mantero, Claudio},
  booktitle={Intelligent Transportation Systems (ITSC), 2010 13th International IEEE Conference on},
  year={2010},
  organization={IEEE}
}

@inproceedings{chen2008people,
  title={People counting system for getting in/out of a bus based on video processing},
  author={Chen, Chao-Ho and Chang, Yin-Chan and Chen, Tsong-Yi and Wang, Da-Jinn},
  booktitle={Intelligent Systems Design and Applications, 2008. ISDA'08. Eighth International Conference on},
  year={2008},
  organization={IEEE}
}


@article{kimpel2003automatic,
  title={Automatic passenger counter evaluation: Implications for national transit database reporting},
  author={Kimpel, Thomas and Strathman, James and Griffin, David and Callas, Steve and Gerhart, Richard},
  journal={Transportation Research Record: Journal of the Transportation Research Board}, 
  year={2003},
  publisher={Transportation Research Board of the National Academies}
}

@inproceedings{manweiler2013predicting,
  title={Predicting length of stay at wifi hotspots},
  author={Manweiler, Justin and Santhapuri, Naveen and Choudhury, Romit Roy and Nelakuditi, Srihari},
  booktitle={INFOCOM, 2013 Proceedings IEEE},
  year={2013},
  organization={IEEE}
}


@article{electriccaruw,
  journal={http://news.wisc.edu/22942},
  title={News: UW-Madison receive electric car for sustainability research.},
  author={UW-Madison},
  year={2014}
}

@article{ahn2009analysis,
  title={Analysis of a regenerative braking system for hybrid electric vehicles using an electro-mechanical brake},
  author={Ahn, JK and Jung, KH and Kim, DH and Jin, HB and Kim, HS and Hwang, SH},
  journal={International Journal of Automotive Technology},
  year={2009},
  publisher={Springer}
}


@inproceedings{miyaji2008analysis,
  title={Analysis of driver behavior based on traffic incidents for driver monitor systems},
  author={Miyaji, Masahiro and Danno, Mikio and Oguri, Koji},
  booktitle={IEEE Intelligent Vehicles Symposium},
  year={2008},
}



@article{litman2014autonomous,
  title={Autonomous vehicle implementation predictions},
  author={Litman, Todd},
  oranization={Victoria Transport Policy Institute},
  journal={Report},
  year={2014},
} 

@article{waymo,
  title={On the road to fully self-driving, Waymo safety report}, 
  author={Waymo},
  howpublished = "\url{https://storage.googleapis.com/sdc-prod/v1/safety-report/waymo-safety-report-2017-10.pdf}",
  year={2016},
}

@misc{autopilot,
  author={Tesla}, 
  howpublished = "\url{https://www.tesla.com/autopilot}",
}

@misc{netem,
  author={Linux Foundation}, 
  howpublished = "\url{https://wiki.linuxfoundation.org/networking/netem}", 
}

@misc{gstreamer,
  author={GStreamer}, 
  howpublished = "\url{https://gstreamer.freedesktop.org/}",
}

@misc{autox,
  title={Camera-first AI brings self-driving cars out of the lab and into the real world}, 
  author={AutoX},
  howpublished = "\url{https://www.autox.ai/}",
  year={2016},
}

@misc{googlespend,
  author={Daily Mail}, 
  howpublished = "\url{http://www.dailymail.co.uk/sciencetech/article-4889594/Google-s-spent-1-1-BILLION-self-driving-cars.html}",
}


@misc{benz,
  author={Mercedes-Benz Research \& Development, Autonomous}, 
  howpublished = "\url{http://mbrdna.com/divisions/autonomous-driving/}",
}

@misc{wikiselfdrivingcar,
  author={Wikipedia}, 
  howpublished = "\url{https://en.wikipedia.org/wiki/Autonomous_car}",
}


@article{grace2017will,
  title={When Will AI Exceed Human Performance? Evidence from AI Experts},
  author={Grace, Katja and Salvatier, John and Dafoe, Allan and Zhang, Baobao and Evans, Owain},
  journal={arXiv preprint arXiv:1705.08807},
  year={2017}
}

@inproceedings{cvpr17chen,
  title = {Multi-View 3D Object Detection Network for Autonomous Driving},
  author = {Chen, Xiaozhi and Ma, Huimin and Wan, Ji and Li, Bo and Xia, Tian},
  booktitle = {IEEE CVPR},
  year = {2017}
}

@inproceedings{zhang20145g,
  title={5G: Towards energy-efficient, low-latency and high-reliable communications networks},
  author={Zhang, Shunqing and Xu, Xiuqiang and Wu, Yiqun and Lu, Lei},
  booktitle={ICCS},
  year={2014},
  organization={IEEE}
}


@article{leonard2008perception,
  title={A perception-driven autonomous urban vehicle},
  author={Leonard, John and How, Jonathan and Teller, Seth and Berger, Mitch and Campbell, Stefan and Fiore, Gaston and Fletcher, Luke and Frazzoli, Emilio and Huang, Albert and Karaman, Sertac and others},
  journal={Journal of Field Robotics},
  year={2008},
  publisher={Wiley Online Library}
}

@article{pendleton2017perception,
  title={Perception, Planning, Control, and Coordination for Autonomous Vehicles},
  author={Pendleton, Scott Drew and Andersen, Hans and Du, Xinxin and Shen, Xiaotong and Meghjani, Malika and Eng, You Hong and Rus, Daniela and Ang, Marcelo H},
  journal={Machines},
  year={2017},
  publisher={Multidisciplinary Digital Publishing Institute}
}

@inproceedings{singla2014internet,
  title={The internet at the speed of light},
  author={Singla, Ankit and Chandrasekaran, Balakrishnan and Godfrey, P and Maggs, Bruce},
  booktitle={HotNets},
  year={2014},
  organization={ACM}
}

@inproceedings{huang2013depth,
  title={An in-depth study of LTE: effect of network protocol and application behavior on performance},
  author={Huang, Junxian and Qian, Feng and Guo, Yihua and Zhou, Yuanyuan and Xu, Qiang and Mao, Z Morley and Sen, Subhabrata and Spatscheck, Oliver},
  booktitle={ACM SIGCOMM},
  year={2013},
  organization={ACM}
}


@article{lee2016internet,
  title={Internet of Vehicles: From intelligent grid to autonomous cars and vehicular fogs},
  author={Lee, Eun-Kyu and Gerla, Mario and Pau, Giovanni and Lee, Uichin and Lim, Jae-Han},
  journal={International Journal of Distributed Sensor Networks},
  year={2016},
  publisher={SAGE Publications Sage UK: London, England}
}

@article{agiwal2016next,
  title={Next generation 5G wireless networks: A comprehensive survey},
  author={Agiwal, Mamta and Roy, Abhishek and Saxena, Navrati},
  journal={IEEE Communications Surveys \& Tutorials},
  year={2016},
  publisher={IEEE}
}

@article{stonebraker20058,
  title={The 8 requirements of real-time stream processing},
  author={Stonebraker, Michael and {\c{C}}etintemel, Uǧur and Zdonik, Stan},
  journal={ACM SIGMOD},
  year={2005},
  publisher={ACM}
}


@inproceedings{lee2015outatime,
  title={Outatime: Using speculation to enable low-latency continuous interaction for mobile cloud gaming},
  author={Lee, Kyungmin and Chu, David and Cuervo, Eduardo and Kopf, Johannes and Degtyarev, Yury and Grizan, Sergey and Wolman, Alec and Flinn, Jason},
  booktitle={MobiSys},
  year={2015},
  organization={ACM}
}

@article{marpe2006h,
  title={The H. 264/MPEG4 advanced video coding standard and its applications},
  author={Marpe, Detlev and Wiegand, Thomas and Sullivan, Gary J},
  journal={IEEE communications magazine},
  year={2006},
  publisher={IEEE}
}

@inproceedings{hosseini2016adaptive,
  title={Adaptive 360 VR video streaming: Divide and conquer},
  author={Hosseini, Mohammad and Swaminathan, Viswanathan},
  booktitle={ISM},
  year={2016},
  organization={IEEE}
}

@inproceedings{teichman2011practical,
  title={Practical object recognition in autonomous driving and beyond},
  author={Teichman, Alex and Thrun, Sebastian},
  booktitle={ARSO},
  year={2011},
  organization={IEEE}
}

@article{ali2013quality,
  title={Quality of service in 3GPP R12 LTE-advanced},
  author={Ali, Najah Abu and Taha, Abd-Elhamid M and Hassanein, Hossam S},
  journal={IEEE Communications Magazine},
  year={2013},
  publisher={IEEE}
}

@inproceedings{song2017wifi,
  title={Wi-Fi Goes to Town: Rapid Picocell Switching for WirelessTransit Networks},
  author={Song, Zhenyu and Shangguan, Longfei and Jamieson, Kyle},
  booktitle={ACM SIGCOMM Computer Communication Review},
  year={2017},
  organization={ACM}
}

@inproceedings{rakotonirainy2003human,
  title={Human-computer interactions: Research challenges for in-vehicle technology},
  author={Rakotonirainy, Andry}
}

@inproceedings{ryoo2016design,
  title={Design and evaluation of a foveated video streaming service for commodity client devices},
  author={Ryoo, Jihoon and Yun, Kiwon and Samaras, Dimitris and Das, Samir R and Zelinsky, Gregory},
  booktitle={Proceedings of the 7th International Conference on Multimedia Systems},
  year={2016},
  organization={ACM}
}


@inproceedings {li2017dpcm, 
  author = {Yuanjie Li and Zengwen Yuan and Chunyi Peng}, 
  title = {A Control-Plane Perspective on Reducing Data Access Latency in LTE Networks}, 
  booktitle = {MobiCom}, 
  year = {2017}, 
}

@inproceedings{tu2016volte,
  title={VoLTE*: A Lightweight Voice Solution to 4G LTE Networks},
  author={Tu, Guan-Hua and Li, Chi-Yu and Peng, Chunyi and Yuan, Zengwen and Li, Yuanjie and Zhao, Xiaohu and Lu, Songwu},
  booktitle={HotMobile},
  year={2016},
  organization={ACM}
}

@inproceedings{li2017measurement,
  title={A measurement study on Skype voice and video calls in LTE networks on high speed rails},
  author={Li, Li and Xu, Ke and Wang, Dan and Peng, Chunyi and Zheng, Kai and Wang, Haiyang and Mijumbi, Rashid and Wang, Xiangxiang},
  booktitle={IWQoS},
  year={2017},
  organization={IEEE}
}

@inproceedings{koscher2010experimental,
  title={Experimental security analysis of a modern automobile},
  author={Koscher, Karl and Czeskis, Alexei and Roesner, Franziska and Patel, Shwetak and Kohno, Tadayoshi and Checkoway, Stephen and McCoy, Damon and Kantor, Brian and Anderson, Danny and Shacham, Hovav and others},
  booktitle={Security and Privacy (SP), 2010 IEEE Symposium on},
  year={2010},
  organization={IEEE}
}

@article{seo2016lte,
  title={LTE evolution for vehicle-to-everything services},
  author={Seo, Hanbyul and Lee, Ki-Dong and Yasukawa, Shinpei and Peng, Ying and Sartori, Philippe},
  journal={IEEE Communications Magazine},
  year={2016},
  publisher={IEEE}
}


@inproceedings{sen2010design,
  title={Design and implementation of an approximate communication system for wireless media applications},
  author={Sen, Sayandeep and Gilani, Syed and Srinath, Shreesha and Schmitt, Stephen and Banerjee, Suman},
  booktitle={ACM SIGCOMM Computer Communication Review},
  year={2010},
  organization={ACM}
}

@inproceedings{zhang2012profiling,
  title={Profiling skype video calls: Rate control and video quality},
  author={Zhang, Xinggong and Xu, Yang and Hu, Hao and Liu, Yong and Guo, Zongming and Wang, Yao},
  booktitle={INFOCOM, 2012 Proceedings IEEE},
  year={2012},
  organization={IEEE}
}

@inproceedings{yu2014can,
  title={Can you SEE me now? A measurement study of mobile video calls},
  author={Yu, Chenguang and Xu, Yang and Liu, Bo and Liu, Yong},
  booktitle={INFOCOM, 2014 Proceedings IEEE},
  year={2014},
  organization={IEEE}
}


@inproceedings{xu2012video,
  title={Video telephony for end-consumers: measurement study of Google+, iChat, and Skype},
  author={Xu, Yang and Yu, Chenguang and Li, Jingjiang and Liu, Yong},
  booktitle={IMC},
  year={2012},
  organization={ACM}
}

@article{taoka1989brake,
  title={Brake reaction times of unalerted drivers},
  author={Taoka, George T}
}

@inproceedings{pantel2002impact,
  title={On the impact of delay on real-time multiplayer games},
  author={Pantel, Lothar and Wolf, Lars C},
  booktitle={Proceedings of the 12th international workshop on Network and operating systems support for digital audio and video},
  pages={23--29},
  year={2002},
  organization={ACM}
}

@article{mittal2012no,
  title={No-reference image quality assessment in the spatial domain},
  author={Mittal, Anish and Moorthy, Anush Krishna and Bovik, Alan Conrad},
  journal={IEEE Transactions on Image Processing},
  year={2012},
  publisher={IEEE}
}

@article{bauman2017towards,
  title={Towards Predictions of the Image Quality of Experience for Augmented Reality Scenarios},
  author={Bauman, Brian and Seeling, Patrick},
  journal={arXiv preprint arXiv:1705.01123},
  year={2017}
}


@article{adhikari2015measurement,
  title={Measurement study of Netflix, Hulu, and a tale of three CDNs},
  author={Adhikari, Vijay K and Guo, Yang and Hao, Fang and Hilt, Volker and Zhang, Zhi-Li and Varvello, Matteo and Steiner, Moritz},
  journal={IEEE/ACM Transactions on Networking (TON)},
  year={2015},
  publisher={IEEE Press}
}

@inproceedings{rao2011network,
  title={Network characteristics of video streaming traffic},
  author={Rao, Ashwin and Legout, Arnaud and Lim, Yeon-sup and Towsley, Don and Barakat, Chadi and Dabbous, Walid},
  booktitle={Proceedings of the Seventh COnference on emerging Networking EXperiments and Technologies},
  year={2011},
  organization={ACM}
}

@inproceedings{plank2009performance,
  title={A Performance Evaluation and Examination of Open-Source Erasure Coding Libraries for Storage.},
  author={Plank, James S and Luo, Jianqiang and Schuman, Catherine D and Xu, Lihao and Wilcox-O'Hearn, Zooko and others},
  booktitle={Fast},
  volume={9},
  pages={253--265},
  year={2009}
}


@article{abadi2016tensorflow,
  title={Tensorflow: Large-scale machine learning on heterogeneous distributed systems},
  author={Abadi, Martin and Agarwal, Ashish and Barham, Paul and Brevdo, Eugene and Chen, Zhifeng and Citro, Craig and Corrado, Greg S and Davis, Andy and Dean, Jeffrey and Devin, Matthieu and others},
  journal={arXiv preprint arXiv:1603.04467},
  year={2016}
}


@inproceedings{singh2013using,
  title={Using mobile phone sensors to detect driving behavior},
  author={Singh, Pushpendra and Juneja, Nikita and Kapoor, Shruti},
  booktitle={Proceedings of the 3rd ACM Symposium on Computing for Development},
  pages={53},
  year={2013},
  organization={ACM}
}

@article{fazeen2012safe,
  title={Safe driving using mobile phones},
  author={Fazeen, M. and Gozick, B. and Dantu, R. and Bhukhiya, M. and others},
  journal={TITS},
  year={2012},
  organization={IEEE},
}


@article{huang2016speed,
  title={Speed/accuracy trade-offs for modern convolutional object detectors},
  author={Huang, Jonathan and Rathod, Vivek and Sun, Chen and Zhu, Menglong and Korattikara, Anoop and Fathi, Alireza and Fischer, Ian and Wojna, Zbigniew and Song, Yang and Guadarrama, Sergio and others},
  journal={arXiv preprint arXiv:1611.10012},
  year={2016}
}

@inproceedings{kang2018rc,
  title={Augmenting Self-Driving with Remote Control: Challenges and Directions},
  author={Kang, Lei and Zhao, Wei and Qi, Bozhao and Banerjee, Suman},
  booktitle={HotMobile},
  year={2018},
  organization={ACM}
}

@article{phantom,
title={https://phantom.auto/},
author={Teleoperation for Autonomous Vehicles},
}

@incollection{canny1987computational,
  title={A computational approach to edge detection},
  author={Canny, John},
  booktitle={Readings in Computer Vision},
  year={1987},
  publisher={Elsevier}
}

@inproceedings{viola2001rapid,
  title={Rapid object detection using a boosted cascade of simple features},
  author={Viola, Paul and Jones, Michael},
  booktitle={Computer Vision and Pattern Recognition, 2001. CVPR 2001. Proceedings of the 2001 IEEE Computer Society Conference on},
  year={2001},
  organization={IEEE}
}

@inproceedings{likamwa2015starfish,
  title={Starfish: Efficient concurrency support for computer vision applications},
  author={LiKamWa, Robert and Zhong, Lin},
  booktitle={Proceedings of the 13th Annual International Conference on Mobile Systems, Applications, and Services},
  pages={213--226},
  year={2015},
  organization={ACM}
}



@article{nguyen2015survey,
  title={A survey on data stream clustering and classification},
  author={Nguyen, Hai-Long and Woon, Yew-Kwong and Ng, Wee-Keong},
  journal={Knowledge and information systems},
  year={2015},
  publisher={Springer}
}


@inproceedings{lee2014incremental,
  title={Incremental cluster evolution tracking from highly dynamic network data},
  author={Lee, Pei and Lakshmanan, Laks VS and Milios, Evangelos E},
  booktitle={2014 IEEE 30th International Conference on Data Engineering},
  year={2014},
  organization={IEEE}
}


@inproceedings{ordonez2003clustering,
  title={Clustering binary data streams with K-means},
  author={Ordonez, Carlos},
  booktitle={Proceedings of the 8th ACM SIGMOD workshop on Research issues in data mining and knowledge discovery},
  year={2003},
  organization={ACM}
}


@article{rodrigues2008hierarchical,
  title={Hierarchical clustering of time-series data streams},
  author={Rodrigues, Pedro Pereira and Gama, Jo{\~a}o and Pedroso, Joao},
  journal={IEEE transactions on knowledge and data engineering},
  year={2008},
  publisher={IEEE}
}


@inproceedings{song2005highly,
  title={Highly efficient incremental estimation of gaussian mixture models for online data stream clustering},
  author={Song, Mingzhou and Wang, Hongbin},
  booktitle={Defense and Security},
  pages={174--183},
  year={2005},
  organization={International Society for Optics and Photonics}
}


@inproceedings{dimri2016roadsphygmo,
  title={RoadSphygmo: Using barometer for traffic congestion detection},
  author={Dimri, Anuj and Singh, Harsimran and Aggarwal, Naveen and Raman, Bhaskaran and Bansal, Diyva and Ramakrishnan, KK},
  booktitle={2016 8th International Conference on Communication Systems and Networks (COMSNETS)},
  pages={1--8},
  year={2016},
  organization={IEEE}
}

@inproceedings{nirjon2014coin,
  title={COIN-GPS: indoor localization from direct GPS receiving},
  author={Nirjon, Shahriar and Liu, Jie and DeJean, Gerald and Priyantha, Bodhi and Jin, Yuzhe and Hart, Ted},
  booktitle={Proceedings of the 12th annual international conference on Mobile systems, applications, and services},
  year={2014},
  organization={ACM}
}

@inproceedings{gowda2016tracking,
  title={Tracking drone orientation with multiple GPS receivers},
  author={Gowda, Mahanth and Manweiler, Justin and Dhekne, Ashutosh and Choudhury, Romit Roy and Weisz, Justin D},
  booktitle={Proceedings of the 22nd Annual International Conference on Mobile Computing and Networking},
  year={2016},
  organization={ACM}
}

@inproceedings{hedgecock2013high,
  title={High-accuracy differential tracking of low-cost GPS receivers},
  author={Hedgecock, Will and Maroti, Miklos and Sallai, Janos and Volgyesi, Peter and Ledeczi, Akos},
  booktitle={Proceeding of the 11th annual international conference on Mobile systems, applications, and services},
  year={2013},
  organization={ACM}
}


@article{android_gnss,
  title={https://developer.android.com/reference/ \\ 
	android/location/GnssMeasurement.html}, 
  author={GNSS Measurement API on Android 7.0},
}


@article{google_gnss_tools,
  title={https://github.com/google/gps-measurement-tools/releases},
  author={GNSS Measurement Tool by Google},
}

@inproceedings{chandrasekaran2010vehicular,
  title={Vehicular speed estimation using received signal strength from mobile phones},
  author={Chandrasekaran, Gayathri and Vu, Tam and Varshavsky, Alexander and Gruteser, Marco and Martin, Richard P and Yang, Jie and Chen, Yingying},
  booktitle={Proceedings of the 12th ACM international conference on Ubiquitous computing},
  pages={237--240},
  year={2010},
  organization={ACM}
}



